@article{polar,
  title={Report on the Loss of the Mars Polar Lander and Deep Space 2 Missions},
  author={JPL Special Review Board},
  year={March 2000},
  publisher={NASA Jet Propulsion Laboratory},
}


@article{lions,
  title={Ariane 5 Flight 501 Report of the Inquiry Board},
  author={J.L. Lions},
  year={July 1996},
  publisher={European Space Agency},
}

@article{euler,
  title={The Failures of the Mars Climate Orbiter and Mars Polar Lander: A Perspective from the People Involved},
  author={E.E. Euler et. al.},
  journal={Proceedings of Guidance and Control 2001},
  volume={paper AAS 01-074},
  year={2001},
  publisher={American Astronautical Society},
}


@article{Dvorak,
  title={NASA study on flight software complexity},
  author={Dvorak, Daniel},
  journal={AIAA Infotech@ Aerospace Conference and AIAA Unmanned... Unlimited Conference},
  year={6 - 9 April 2009},
  publisher={Seattle, Washington, USA},
}

@article{Langer,
  title={MOVE-II – der zweite Kleinsatellit der Technischen Universität München},
  author={M. Langer et. al},
  journal={Deutscher Luft- und Raumfahrtkongress (DLRK)},
  year={2015},
  publisher={Rostock, Germany},
}

@article{filesystem,
  title={A Fault-Tolerant Radiation-Robust Filesystem for Space Use},
  author={Fuchs C. et. al},
  journal={Lecture Notes in Computer Science Volume 9017},
  pages={96--107},
  year={2015},
  publisher={Springer},
}

@article{debugging,
  title={Enhancing Nanosatellite Dependability Through Autonomous Chip-Level Debug Capabilities},
  author={Fuchs C. et. al},
  journal={ARCS 2016; 29th International Conference on Architecture of Computing Systems},
  pages={1--4},
  year={2016},
}

@article{datastorage,
  title={Enabling Dependable Data Storage for Miniaturized Satellites},
  author={Fuchs C. et. al},
  journal={Proceedings of the AIAA/USU Conference on Small Satellites, Student Competition, SSC15-VIII-6},
  year={2015},
  publisher={http://digitalcommons.usu.edu/smallsat/2015/all2015/59/},
}


@article{appel,
  title={Nanolink: A Robust and Efficient Protocol for Small Satellite Radio Links},
  author={N. Appel et. al},
  journal={Proceedings of the Small Satellites Systems and Services – The 4S Symposium 2016},
  year={2016},
  publisher={Valletta, Malta},
}

@online{upy,
author = {{MicroPython}},
title = {MicroPython Project Homepage},
url = {http://micropython.org/},
OPTurldate = {07.08.2016},
}

@documentation{ESAupy,
author = {{George Robotics Limited}},
title = {Porting of MicroPython to LEON platforms},
year = {2016},
}

@online{py,
author = {Rossum, G van},
title = {Python Executive Summary},
year = {2004},
url = {http://www.python.org/doc/essays/blurb.html},
OPTurldate = {07.08.2016},
}

@online{pylic,
author = {{Python Software Foundation}},
title = {Python Software Foundation License},
year = {2016},
url = {https://docs.python.org/3/license.html},
OPTurldate = {07.08.2016},
}

@book{sebesta,
  title={Concepts of programming languages},
  author={Sebesta, Robert W and Mukherjee, Soumen},
  volume={281},
  year={2002},
  publisher={Addison-Wesley Reading}
}

@article{howatt,
  title={A project-based approach to programming language evaluation},
  author={Howatt, James},
  journal={ACM SIGPLAn Notices},
  volume={30},
  number={7},
  pages={37--40},
  year={1995},
  publisher={ACM}
}

@online{sdbus,
author = {{Lennart Poettering}},
title = {The new sd-bus API of systemd},
url = {http://0pointer.net/blog/the-new-sd-bus-api-of-systemd.html},
OPTurldate = {30.01.2015},
}

@article{dbus,
  title={Get on the D-BUS},
  author={Love, Robert},
  journal={Linux Journal},
  volume={2005},
  number={130},
  pages={3},
  year={2005}
}

@online{pp,
author = {{Vanya Sergeev}},
title = {python-periphery},
url = {https://github.com/vsergeev/python-periphery},
OPTurldate = {30.01.2015},
}

@online{pi,
author = {{Raspberry Pi Foundation}},
title = {Raspberry Pi is a trademark of the Raspberry Pi Foundation.},
url = {http://www.raspberrypi.org},
OPTurldate = {30.01.2015},
}

@online{tux,
author = {{Andrew McGown and Josh Bush}},
title = {Tux is licensed CC BY-SA.},
OPTurldate = {30.01.2015},
}

@online{upyl,
author = {{MicroPython}},
title = {MicroPython Project Logo},
OPTurldate = {30.01.2015},
}

@article{codecomp,
  title={An empirical comparison of seven programming languages},
  author={Prechelt, Lutz},
  journal={Computer},
  volume={33},
  number={10},
  pages={23--29},
  year={2000},
  publisher={IEEE}
}

@incollection{pyzen,
  title={The zen of Python},
  author={Peters, Tim},
  booktitle={Pro Python},
  pages={301--302},
  year={2010},
  publisher={Springer}
}

@article{sensorfusion,
  title={An efficient orientation filter for inertial and inertial/magnetic sensor arrays},
  author={Madgwick, Sebastian OH},
  journal={Report x-io and University of Bristol (UK)},
  year={2010}
}

@online{pyfusion,
author = {{Peter Hinch}},
title = {Sensor fusion calculating yaw, pitch and roll from the outputs of motion tracking devices.},
url = {https://github.com/micropython-IMU/micropython-fusion},
OPTurldate = {19.02.2017},
}

@book{halstead,
  title={Elements of software science},
  author={Halstead, Maurice Howard},
  volume={7},
  year={1977},
  publisher={Elsevier New York}
}

@book{mccabe,
  title={Structured testing: A testing methodology using the cyclomatic complexity metric},
  author={Watson, Arthur Henry and Wallace, Dolores R and McCabe, Thomas J},
  volume={500},
  number={235},
  year={1996},
  publisher={US Department of Commerce, Technology Administration, National Institute of Standards and Technology}
}


@online{lizard,
author = {{Terry Yin}},
title = {A simple code complexity analyser without caring about the C/C++ header files or Java imports, supports most of the popular languages.},
url = {http://www.lizard.ws/},
OPTurldate = {19.02.2017},
}
